
@book{Labreche2003,
  location = {{Montréal}},
  title = {Borderline},
  shorttitle = {Borderline},
  pagetotal = {159},
  langid = {french},
  publisher = {{Boréal, coll. «\textasciitilde{}Boréal compact\textasciitilde»}},
  author = {Labrèche, Marie-Sissi},
  year = {2003 [2000]},
  keywords = {corpusprinc,oeuvres}
}

@book{Bastin2002,
  location = {{Oxford}},
  title = {Queneau's Fictional Worlds},
  pagetotal = {291},
  langid = {english},
  publisher = {{Peter Lang, coll. «\textasciitilde{}Modern French Identities\textasciitilde»}},
  author = {Bastin, Nina},
  date = {2002},
  keywords = {queneau}
}

@thesis{Belli-Bivar1985,
  location = {{Montréal}},
  title = {L'inscription de la parole dans le récit littéraire: vers une théorie de la représentation du verbal},
  url = {http://search.proquest.com/docview/252279007/abstract/88894F14D8194B46PQ/1},
  shorttitle = {L'inscription de la parole dans le récit littéraire},
  pagetotal = {599},
  langid = {french},
  institution = {{McGill}},
  type = {Thèse de doctorat},
  author = {Belli-Bivar, Gillian},
  date = {1985},
  keywords = {langage}
}

@book{Charlebois2008,
  location = {{Canada}},
  title = {Borderline},
  langid = {french},
  publisher = {{Max Films et TVA Films}},
  author = {Charlebois, Lyne},
  date = {2008},
  note = {Film},
  keywords = {corpussec,oeuvres}
}

@book{Pattison1978,
  location = {{Athens}},
  title = {The {{Child Figure}} in {{English Literature}}},
  pagetotal = {208},
  langid = {english},
  publisher = {{University of Georgia Press}},
  author = {Pattison, Robert},
  date = {1978},
  keywords = {enfant}
}

@thesis{Dion2010,
  location = {{Montréal}},
  title = {Mères absentes, filles troublées : \emph{Borderline} de Marie-Sissi Labrèche et \emph{Putain} de Nelly Arcan},
  url = {http://www.archipel.uqam.ca/3888/},
  shorttitle = {Mères absentes, filles troublées},
  pagetotal = {105},
  langid = {french},
  institution = {{Université du Québec à Montréal}},
  type = {Mémoire de maîtrise},
  author = {Dion, Katherine},
  editora = {Saint-Martin, Lori},
  editoratype = {collaborator},
  date = {2010},
  keywords = {labreche}
}

@book{Labreche2008,
  location = {{Montréal}},
  title = {La Brèche},
  shorttitle = {La Brèche},
  pagetotal = {156},
  langid = {french},
  publisher = {{Boréal, coll. «\textasciitilde{}Boréal compact\textasciitilde»}},
  author = {Labrèche, Marie-Sissi},
  year = {2008 [2002]},
  keywords = {corpussec,oeuvres}
}

@book{Vurm2014,
  location = {{Frankfurt am Main}},
  title = {La création et la créativité de Réjean Ducharme: une redéfinition du roman québécois},
  shorttitle = {La création et la créativité de Réjean Ducharme},
  pagetotal = {235},
  langid = {french},
  publisher = {{Peter Lang, coll. «\textasciitilde{}Canadiana\textasciitilde»}},
  author = {Vurm, Petr},
  date = {2014},
  keywords = {enfant}
}

@book{Labreche2008a,
  location = {{Montréal}},
  title = {La lune dans un HLM},
  shorttitle = {La lune dans un HLM},
  pagetotal = {250},
  langid = {french},
  publisher = {{Boréal, coll. «\textasciitilde{}Boréal compact\textasciitilde»}},
  author = {Labrèche, Marie-Sissi},
  year = {2008 [2006]},
  keywords = {corpussec,oeuvres}
}

@book{Coveney1967,
  location = {{Baltimore}},
  title = {The Image of Childhood; the Individual and Society: A Study of the Theme in {{English}} Literature},
  shorttitle = {The Image of Childhood; the Individual and Society},
  pagetotal = {361},
  langid = {english},
  publisher = {{Penguin Books}},
  author = {Coveney, Peter},
  date = {1967},
  keywords = {enfant}
}

@article{Pestureau1983,
  title = {Les techniques anglo-saxonnes et l'art romanesque de Raymond Queneau},
  volume = {61},
  url = {http://search.proquest.com/docview/1303146200/citation/DECBF4C4858C41E4PQ/12},
  langid = {french},
  number = {650},
  journaltitle = {Europe},
  author = {Pestureau, Gilbert},
  date = {1983},
  pages = {110--115},
  keywords = {queneau}
}

@thesis{Hoja-Lacki1963,
  location = {{Montréal}},
  title = {Queneau et la crise du langage littéraire},
  pagetotal = {138},
  langid = {french},
  institution = {{Université de Montréal}},
  type = {Mémoire de maîtrise},
  author = {Hoja-Lacki, Christine},
  date = {1963},
  keywords = {queneau}
}

@article{Maurin2007,
  title = {Zazie, une enfant moderne ?},
  volume = {1},
  url = {http://www.cairn.info/resume.php?ID_ARTICLE=LETT_067_0087},
  langid = {french},
  number = {67},
  journaltitle = {La lettre de l'enfance et de l'adolescence},
  author = {Maurin, Aurélie},
  date = {2007},
  pages = {87--92},
  keywords = {queneau}
}

@book{Bethlenfalvay1979,
  location = {{Genève}},
  title = {Les Visages de l'enfant dans la littérature française du XIX\textsuperscript{e} siècle : esquisse d'une typologie},
  shorttitle = {Les Visages de l'enfant dans la littérature française du XIXe siècle},
  pagetotal = {148},
  langid = {french},
  publisher = {{Librairie Droz, coll. «\textasciitilde{}Histoire des idées et critique littéraire\textasciitilde»}},
  author = {Bethlenfalvay, Marina},
  date = {1979},
  keywords = {perso}
}

@book{Queneau1959,
  location = {{Paris}},
  title = {Zazie dans le métro},
  langid = {french},
  publisher = {{Gallimard, coll. «\textasciitilde{}Le Livre de Poche\textasciitilde»}},
  author = {Queneau, Raymond},
  date = {1959},
  keywords = {corpusprinc,oeuvres}
}

@book{Redfern1959,
  location = {{London}},
  title = {Queneau: {{Zazie}} Dans Le Métro},
  shorttitle = {Queneau},
  pagetotal = {70},
  langid = {english},
  publisher = {{Grant \& Cutler, coll. «\textasciitilde{}Critical Guides to French texts\textasciitilde»}},
  author = {Redfern, Walter David},
  date = {1959},
  keywords = {queneau}
}

@article{Bernofsky1994,
  title = {Zazie in {{Wonderland}}: {{Queneau}}'s {{Reply}} to the {{Realist Novel}}},
  volume = {85},
  url = {https://www.questia.com/library/journal/1G1-16244048/zazie-in-wonderland-queneau-s-reply-to-the-realist},
  shorttitle = {Zazie in {{Wonderland}}},
  langid = {english},
  number = {1},
  journaltitle = {Romanic Review},
  author = {Bernofsky, Susan},
  date = {1994},
  pages = {113--124},
  keywords = {queneau}
}

@inbook{Hamon1977,
  location = {{Paris}},
  title = {Pour un statut sémiologique du personnage},
  langid = {french},
  booktitle = {Poétique du récit},
  publisher = {{Éditions du Seuil, coll. «\textasciitilde{}Points\textasciitilde»}},
  author = {Hamon, Philippe},
  bookauthor = {Genette, Gérard and Todorov, Tzvetan},
  editora = {Barthes, Roland and Kayser, Wolfgang Johannes and Booth, Wayne C.},
  editoratype = {collaborator},
  date = {1977},
  pages = {115--180},
  keywords = {perso}
}

@thesis{Seyfrid1996,
  location = {{Ottawa}},
  title = {Rhétorique des passions et romans d'enfance: L'exemple de Réjean Ducharme},
  url = {http://search.proquest.com/docview/89238145/abstract/8ED68D5A9BAF4127PQ/4},
  shorttitle = {Rhetorique des passions et romans d'enfance},
  pagetotal = {486},
  langid = {french},
  institution = {{Université d'Ottawa}},
  type = {Thèse de doctorat},
  author = {Seyfrid, Brigitte},
  date = {1996},
  keywords = {langage}
}

@article{Labreche2008b,
  title = {Marie-Sissi Labrèche par elle-même},
  volume = {49},
  url = {http://search.proquest.com/docview/217134860/abstract/2D9B0EFC42524A06PQ/3},
  langid = {french},
  number = {5},
  journaltitle = {Châtelaine},
  author = {Labrèche, Marie-Sissi},
  date = {2008},
  pages = {117--118},
  keywords = {labreche}
}

@article{Ledoux-Beaugrand2009,
  title = {Le sexe rédimé par l'amour. Regard sur l'adaptation cinématographique de \emph{Borderline} de Marie-Sissi Labrèche},
  volume = {12},
  url = {http://id.erudit.org/iderudit/1000708ar},
  langid = {french},
  number = {2},
  journaltitle = {Globe: Revue internationale d'études québécoises},
  author = {Ledoux-Beaugrand, Évelyne},
  date = {2009},
  pages = {83},
  keywords = {labreche}
}

@article{Hyatte1982,
  title = {Lexique Zazique: {{A Lexical Guide}} to the {{Reading}} of {{Queneau}}'s {{Zazie}} Dans Le Métro},
  volume = {56},
  url = {http://www.jstor.org.proxy.bibliotheques.uqam.ca:2048/stable/391850},
  shorttitle = {Lexique Zazique},
  langid = {english},
  number = {2},
  journaltitle = {The French Review},
  shortjournal = {The French Review},
  author = {Hyatte, Reginald},
  date = {1982},
  pages = {295--300},
  keywords = {queneau}
}

@book{Bigot1994,
  location = {{Paris}},
  title = {Michel Bigot commente Zazie dans le métro de Raymond Queneau},
  pagetotal = {234},
  langid = {french},
  publisher = {{Gallimard, coll. «\textasciitilde{}Foliothèque\textasciitilde»}},
  author = {Bigot, Michel},
  date = {1994},
  keywords = {queneau}
}

@book{Ducharme1982,
  location = {{Paris}},
  title = {L'avalée des avalés},
  pagetotal = {378},
  langid = {french},
  publisher = {{Gallimard, coll. «\textasciitilde{}Folio\textasciitilde»}},
  author = {Ducharme, Réjean},
  year = {1982 [1966]}
}

@thesis{Doucet2007,
  location = {{Sherbrooke}},
  title = {“La femme-enfant” suivi de l'autocensure et le prix du dire dans le processus de création de Marie-Sissi Labrèche et de Nelly Arcan},
  url = {http://search.proquest.com/pqdtglobal/docview/304765443/abstract/91C4E9B976AC41A1PQ/1},
  pagetotal = {134},
  langid = {french},
  institution = {{Université de Sherbrooke}},
  type = {Mémoire de maîtrise},
  author = {Doucet, Virginie},
  date = {2007},
  keywords = {labreche}
}

@mvbook{Calvet1930,
  location = {{Paris}},
  title = {L'enfant dans la littérature française},
  volumes = {2},
  langid = {french},
  publisher = {{F. Lanore}},
  author = {Calvet, Jean},
  date = {1930},
  keywords = {enfant}
}

@book{Hale1989,
  location = {{Ann Arbor}},
  title = {The Lyric Encyclopedia of {{Raymond Queneau}}},
  pagetotal = {189},
  langid = {english},
  publisher = {{University of Michigan Press}},
  author = {Hale, Jane Alison},
  date = {1989},
  keywords = {queneau}
}

@book{Dupuy1931,
  location = {{Paris}},
  title = {Un personnage nouveau du roman français: l'enfant},
  shorttitle = {Un personnage nouveau du roman franc̜ais},
  pagetotal = {422},
  langid = {french},
  publisher = {{Hachette}},
  author = {Dupuy, Aimé},
  date = {1931},
  keywords = {enfant}
}

@book{Malle1960,
  location = {{France}},
  title = {Zazie dans le métro},
  langid = {french},
  publisher = {{Les Nouvelles Éditions de Films}},
  author = {Malle, Louis},
  date = {1960},
  note = {Film},
  keywords = {corpussec,oeuvres}
}

@book{David1994,
  location = {{Limoges}},
  title = {Dictionnaire des personnages de Raymond Queneau},
  pagetotal = {543},
  langid = {french},
  publisher = {{PULIM, coll. «\textasciitilde{}Lectures de Raymond Queneau\textasciitilde»}},
  author = {David, Pierre},
  date = {1994},
  keywords = {queneau}
}

@book{Carroll1979,
  location = {{Paris}},
  title = {Tout Alice},
  pagetotal = {442},
  langid = {french},
  publisher = {{Flammarion, coll. «\textasciitilde{}GF\textasciitilde»}},
  author = {Carroll, Lewis},
  translator = {Parisot, Henri},
  date = {1979},
  keywords = {corpussec,oeuvres}
}

@book{Queneau1965,
  location = {{Paris}},
  edition = {Édition revue et augmentée},
  title = {Bâtons, chiffres et lettres},
  pagetotal = {370},
  langid = {french},
  publisher = {{Gallimard, coll. «\textasciitilde{}Idées nrf\textasciitilde»}},
  author = {Queneau, Raymond},
  date = {1965},
  keywords = {corpussec}
}

@incollection{Barthes1964,
  location = {{Paris}},
  title = {Zazie et la littérature},
  langid = {french},
  booktitle = {Essais critiques},
  publisher = {{Éditions du Seuil, coll. «\textasciitilde{}Tel quel\textasciitilde»}},
  author = {Barthes, Roland},
  date = {1964},
  pages = {129--135},
  keywords = {queneau}
}

@book{Hamon1983,
  location = {{Genève}},
  title = {Le personnel du roman : le système des personnages dans les Rougon-Macquart d'Émile Zola},
  shorttitle = {Le personnel du roman},
  pagetotal = {325},
  langid = {french},
  publisher = {{Librairie Droz, coll. «\textasciitilde{}Histoire des idées et critique littéraire\textasciitilde»}},
  author = {Hamon, Philippe},
  date = {1983},
  keywords = {perso}
}

@article{Leon1962,
  title = {Phonétisme, graphisme et zazisme},
  volume = {1},
  url = {http://search.proquest.com/docview/1307659427/citation/8C6C6CFF8A40464FPQ/1},
  langid = {french},
  journaltitle = {Études de Linguistique Appliquée},
  author = {Léon, Pierre R.},
  date = {1962},
  pages = {70--84},
  keywords = {queneau}
}

@incollection{Jakobson1973,
  location = {{Paris}},
  title = {Principes de versification},
  langid = {french},
  booktitle = {Questions de poétique},
  publisher = {{Éditions du Seuil, coll. «\textasciitilde{}Poétique\textasciitilde»}},
  author = {Jakobson, Roman},
  editor = {Todorov, Tzvetan},
  date = {1973},
  pages = {40--55},
  keywords = {langage}
}

@book{Ajame1981,
  location = {{Paris}},
  title = {300 héros et personnages du roman français : d'Atala à Zazie},
  shorttitle = {300 héros et personnages du roman français},
  pagetotal = {396},
  langid = {french},
  publisher = {{Balland}},
  author = {Ajame, Pierre and Brucker, Marion},
  date = {1981},
  keywords = {queneau}
}

@thesis{Leduc2010,
  location = {{Montréal}},
  title = {La transmission intergénérationnelle au féminin dans deux romans de Marie-Sissi Labrèche : \emph{Borderline} et \emph{La lune dans un HLM}},
  url = {http://www.archipel.uqam.ca/3852/},
  shorttitle = {La transmission intergénérationnelle au féminin dans deux romans de Marie-Sissi Labrèche},
  langid = {french},
  institution = {{Université du Québec à Montréal}},
  type = {Mémoire de maîtrise},
  author = {Leduc, Naïdza},
  editora = {Delvaux, Martine},
  editoratype = {collaborator},
  date = {2010},
  keywords = {labreche}
}

@book{Inglin-Routisseau2006,
  location = {{Paris}},
  title = {Lewis Carroll dans l'imaginaire français: la nouvelle Alice},
  shorttitle = {Lewis Carroll dans l'imaginaire français},
  pagetotal = {359},
  langid = {french},
  publisher = {{L'Harmattan, coll. «\textasciitilde{}Critiques littéraires\textasciitilde»}},
  author = {Inglin-Routisseau, Marie-Hélène},
  date = {2006},
  keywords = {alice}
}

@thesis{Rioux2006,
  location = {{Montréal}},
  title = {Poétique de la question chez Raymond Queneau: le cas des jeunes filles},
  shorttitle = {Poétique de la question chez Raymond Queneau},
  pagetotal = {110},
  langid = {french},
  institution = {{Université de Montréal}},
  type = {Mémoire de maîtrise},
  author = {Rioux, Dominique},
  date = {2006},
  keywords = {queneau}
}

@book{Seyfrid-Bommertz1999,
  location = {{Sainte-Foy}},
  title = {La rhétorique des passions dans les romans d'enfance de Réjean Ducharme},
  pagetotal = {268},
  langid = {french},
  publisher = {{Presses de l'Université Laval, coll. «\textasciitilde{}Vie des lettres québécoises\textasciitilde»}},
  author = {Seyfrid-Bommertz, Brigitte},
  date = {1999},
  keywords = {langage}
}

@book{Carroll2012,
  location = {{New York}},
  title = {Alice's Adventures in Wonderland  \& {{Through}} the Looking-Glass},
  pagetotal = {238},
  langid = {english},
  publisher = {{New American Library, coll. «\textasciitilde{}Signet classic\textasciitilde»}},
  author = {Carroll, Lewis},
  date = {2012},
  keywords = {corpussec,oeuvres}
}

@book{Carroll1994,
  location = {{Paris}},
  title = {Les aventures d'Alice au pays des merveilles et De l'autre côté du miroir},
  pagetotal = {374},
  langid = {french},
  publisher = {{Gallimard, coll. «\textasciitilde{}Folio classique\textasciitilde»}},
  author = {Carroll, Lewis},
  editor = {Gattégno, Jean},
  translator = {Papy, Jacques},
  date = {1994},
  keywords = {corpussec,oeuvres}
}

@book{Weaver1964,
  location = {{Madison}},
  title = {Alice in Many Tongues: The Translations of {{Alice}} in Wonderland},
  shorttitle = {Alice in Many Tongues},
  pagetotal = {147},
  langid = {english},
  publisher = {{University of Wisconsin Press}},
  author = {Weaver, Warren},
  date = {1964},
  keywords = {alice}
}

@book{Wittels1999,
  location = {{Paris}},
  title = {Freud et la femme-enfant: les mémoires de Fritz Wittels},
  shorttitle = {Freud et la femme-enfant},
  pagetotal = {374},
  langid = {french},
  publisher = {{Presses universitaires de France, coll. «\textasciitilde{}Bibliothèque de psychanalyse\textasciitilde»}},
  author = {Wittels, Fritz},
  date = {1999}
}

@book{Parrot1944,
  location = {{Paris}},
  title = {Paul Eluard: une étude, un choix de poèmes, des inédits, des manuscrits},
  shorttitle = {Paul Eluard},
  pagetotal = {173},
  langid = {french},
  publisher = {{Seghers, coll. «\textasciitilde{}Poètes d'aujourd'hui\textasciitilde»}},
  author = {Parrot, Louis},
  date = {1944}
}

@incollection{Jousni2005,
  location = {{Rennes}},
  title = {D'Alice à Stephen: voix d'enfance selon Carroll et Joyce},
  langid = {french},
  booktitle = {Lewis Carroll et les mythologies de l'enfance: actes du colloque international Lewis Carroll 17-18 octobre 2003 Université Rennes},
  publisher = {{Presses universitaires de Rennes, coll. «\textasciitilde{}Interférences\textasciitilde»}},
  author = {Jousni, Stéphane},
  editor = {Marret, Sophie and Gasquet, Lawrence and Renaud-Grosbras, Pascale},
  date = {2005},
  pages = {139--152},
  keywords = {alice}
}

@incollection{Dissard2005,
  location = {{Rennes}},
  title = {Alice contre les garçons},
  langid = {french},
  booktitle = {Lewis Carroll et les mythologies de l'enfance: actes du colloque international Lewis Carroll 17-18 octobre 2003 Université Rennes},
  publisher = {{Presses universitaires de Rennes, coll. «\textasciitilde{}Interférences\textasciitilde»}},
  author = {Dissard, Jacques},
  editor = {Marret, Sophie and Gasquet, Lawrence and Renaud-Grosbras, Pascale},
  date = {2005},
  pages = {107--121},
  keywords = {alice}
}

@incollection{Lagani2005,
  location = {{Rennes}},
  title = {Alice et les mythologies de l'enfance dans la poétique de Fanny \& Alexander},
  langid = {french},
  booktitle = {Lewis Carroll et les mythologies de l'enfance: actes du colloque international Lewis Carroll 17-18 octobre 2003 Université Rennes},
  publisher = {{Presses universitaires de Rennes, coll. «\textasciitilde{}Interférences\textasciitilde»}},
  author = {Lagani, Chiara},
  editor = {Marret, Sophie and Gasquet, Lawrence and Renaud-Grosbras, Pascale},
  date = {2005},
  pages = {203--211}
}

@incollection{Katajamaki2005,
  location = {{Rennes}},
  title = {Verba Tene, Res Sequentur: {{Lewis Caroll}}'s Play on Words and Linguistic-Textual Generation},
  langid = {english},
  booktitle = {Lewis {{Carroll}} et Les Mythologies de l'enfance: Actes Du Colloque International {{Lewis Carroll}} 17-18 Octobre 2003 {{Université Rennes}}},
  publisher = {{Presses universitaires de Rennes, coll. «\textasciitilde{}Interférences\textasciitilde»}},
  author = {Katajamäki, Sakari},
  editor = {Marret, Sophie and Gasquet, Lawrence and Renaud-Grosbras, Pascale},
  date = {2005},
  pages = {37--48},
  keywords = {alice}
}

@book{Lemieux1984,
  location = {{Montréal}},
  title = {Une culture de la nostalgie: l'enfant dans le roman québécois de ses origines à nos jours},
  shorttitle = {Une culture de la nostalgie},
  pagetotal = {242},
  langid = {french},
  publisher = {{Boréal Express}},
  author = {Lemieux, Denise},
  date = {1984},
  keywords = {enfant}
}

@article{Gilson1960,
  entrysubtype = {magazine},
  title = {Zazie? vous connaissez? Entrevue avec Louis Malle},
  url = {http://lettresvolees.fr/queneau/gilson.html},
  langid = {french},
  number = {51},
  journaltitle = {Cinéma 60},
  author = {Gilson, René},
  year = {novembre-décembre 1960},
  pages = {5--11},
  keywords = {queneau}
}

@book{Eliacheff2003,
  location = {{Paris}},
  title = {Mères-filles: une relation à trois},
  shorttitle = {Mères-filles},
  pagetotal = {412},
  langid = {french},
  publisher = {{Albin Michel : Librairie générale française, coll. «\textasciitilde{}Livre de poche\textasciitilde»}},
  author = {Eliacheff, Caroline},
  editora = {Heinich, Nathalie},
  editoratype = {collaborator},
  date = {2003}
}

@book{Haineault2006,
  location = {{Paris}},
  title = {Fusion mère-fille: S'en sortir ou y laisser sa peau},
  pagetotal = {109},
  langid = {french},
  publisher = {{Presses universitaires de France}},
  author = {Haineault, Doris-Louise},
  date = {2006}
}

@article{Boivin2009,
  title = {\emph{Borderline} ou le matriarcat étouffant de l'enfance},
  url = {http://www.erudit.org/fr/revues/qf/2009-n155-qf1093575/1795ac/},
  langid = {french},
  number = {155},
  journaltitle = {Québec français},
  author = {Boivin, Aurélien},
  date = {2009},
  pages = {95--97},
  keywords = {labreche}
}

@article{Hulot1952,
  title = {La poésie nue. Interview avec R. Queneau},
  langid = {french},
  journaltitle = {Journal des Poètes},
  author = {Hulot, Arthur},
  date = {1952-03}
}

@article{Anaut2005,
  title = {Le concept de résilience et ses applications cliniques},
  url = {http://www.cairn.info/revue-recherche-en-soins-infirmiers-2005-3-page-4.htm},
  langid = {french},
  number = {82},
  journaltitle = {Recherche en soins infirmiers},
  author = {Anaut, Marie},
  date = {2005},
  pages = {4--11}
}

@article{Girard2008,
  entrysubtype = {newspaper},
  location = {{Montréal}},
  title = {La revanche d'une fille de l'Est},
  url = {http://www.ledevoir.com/culture/cinema/170606/la-revanche-d-une-fille-de-l-est},
  langid = {french},
  journaltitle = {Le Devoir},
  journalsubtitle = {Cinéma},
  author = {Girard, Jean-Yves},
  date = {2008-01-04},
  keywords = {labreche}
}

@book{Cyrulnik1998,
  location = {{Révigny-sur-Ornain}},
  title = {Ces enfants qui tiennent le coup},
  pagetotal = {120},
  langid = {french},
  publisher = {{Martin Média, coll. «\textasciitilde{}Hommes et perspectives\textasciitilde»}},
  author = {Cyrulnik, Boris},
  date = {1998}
}

@collection{Manciaux2001a,
  location = {{Genève}},
  title = {La résilience: résister et se construire},
  shorttitle = {La résilience},
  pagetotal = {253},
  langid = {french},
  publisher = {{Éditions Médecine \& Hygiène, coll. «\textasciitilde{}Cahiers médico-sociaux\textasciitilde»}},
  editor = {Manciaux, Michel},
  date = {2001}
}

@article{Taubes2001,
  title = {Résilience: comment ils s'en sortent. Entrevue avec Boris Cyrulnik},
  url = {http://www.psychologies.com/Therapies/Psychanalyse/Travail-psychanalytique/Interviews/Resilience-comment-ils-s-en-sortent},
  langid = {french},
  journaltitle = {Psychologies},
  author = {Taubes, Isabelle},
  date = {2001-03}
}

@book{Queneau1975,
  location = {{Paris}},
  title = {Saint Glinglin},
  pagetotal = {267},
  langid = {french},
  publisher = {{Gallimard, coll. «\textasciitilde{}L'Imaginaire\textasciitilde»}},
  author = {Queneau, Raymond},
  year = {1975 [1948]}
}

@book{Robert2013,
  location = {{Paris}},
  title = {Le petit Robert: dictionnaire alphabétique et analogique de la langue française},
  shorttitle = {Le petit Robert},
  langid = {french},
  publisher = {{Le Robert}},
  author = {Robert, Paul and Rey-Debove, Josette and Rey, Alain},
  date = {2013}
}

@book{Hesbois1986,
  location = {{Ottawa}},
  title = {Les jeux de langage},
  pagetotal = {333},
  langid = {french},
  publisher = {{Éditions de l'Université d'Ottawa}},
  author = {Hesbois, Laure},
  date = {1986},
  keywords = {langage}
}

@book{Beauvoir1958,
  location = {{Paris}},
  title = {Mémoires d'une jeune fille rangée},
  pagetotal = {502},
  langid = {french},
  publisher = {{Gallimard, coll. «\textasciitilde{}Folio\textasciitilde»}},
  author = {de Beauvoir, Simone},
  date = {1958}
}

@book{Butler2012,
  location = {{Paris}},
  title = {Trouble dans le genre: le féminisme et la subversion de l'identité},
  shorttitle = {Trouble dans le genre},
  pagetotal = {283},
  langid = {french},
  publisher = {{La Découverte/Poche, coll. «\textasciitilde{}Sciences humaines et sociales\textasciitilde»}},
  author = {Butler, Judith},
  year = {2012 [2005]}
}

@book{Charbonnier1962,
  location = {{Paris}},
  title = {Entretiens avec Raymond Queneau},
  pagetotal = {154},
  langid = {french},
  publisher = {{Gallimard}},
  author = {Charbonnier, Georges},
  date = {1962},
  keywords = {queneau}
}

@book{Rousseau1852,
  location = {{Paris}},
  title = {Œuvres complètes},
  volume = {2},
  url = {http://gallica.bnf.fr/ark:/12148/bpt6k2069919/},
  langid = {french},
  publisher = {{Alexandre Houssiaux}},
  author = {Rousseau, Jean-Jacques},
  date = {1852/1853}
}

@book{Barrie1987,
  location = {{New York}},
  title = {Peter {{Pan}}},
  pagetotal = {200},
  publisher = {{New American Library, coll. «\textasciitilde{}Signet classic\textasciitilde»}},
  author = {Barrie, J. M.},
  date = {1987}
}

@incollection{Lecercle1998,
  location = {{Paris}},
  title = {Un amour d'enfant},
  langid = {french},
  booktitle = {Alice},
  publisher = {{Éditions Autrement, coll. «\textasciitilde{}Figures mythiques\textasciitilde»}},
  author = {Lecercle, Jean-Jacques},
  editor = {Lecercle, Jean-Jacques},
  date = {1998},
  keywords = {alice}
}

@book{Iche2015,
  location = {{Paris}},
  title = {L'esthétique du jeu dans les Alice de Lewis Carroll},
  pagetotal = {254},
  langid = {french},
  publisher = {{L'Harmattan, coll. «\textasciitilde{}Critiques littéraires\textasciitilde»}},
  author = {Iché, Virginie},
  date = {2015},
  keywords = {alice}
}

@book{Lane-Mercier1989,
  location = {{Ottawa}},
  title = {La parole romanesque},
  pagetotal = {380},
  langid = {french},
  publisher = {{Presses de l'Université d'Ottawa, coll. «\textasciitilde{}Semiosis\textasciitilde»}},
  author = {Lane-Mercier, Gillian},
  date = {1989},
  keywords = {langage}
}


